<?xml version="1.0" encoding="UTF-8"?><collection xmlns="http://www.loc.gov/MARC21/slim"><record><leader>00532nam--2200169-i-4500</leader><controlfield tag="001">000006028</controlfield><controlfield tag="002">20161230</controlfield><controlfield tag="005">20170129225405</controlfield><controlfield tag="008">060222s1000------------r-----000-0-eng-d</controlfield><datafield ind1=" " ind2=" " tag="080"><subfield code="a">539.122</subfield></datafield><datafield ind1=" " ind2=" " tag="100"><subfield code="a">Cassagnou, Y</subfield></datafield><datafield ind1=" " ind2=" " tag="245"><subfield code="a">Etude par detection du rayonnement des ffonct ions d`excitation de reactions produites par d es protons dans 51 v</subfield></datafield><datafield ind1=" " ind2=" " tag="260"><subfield code="a">Rio De Janeiro</subfield><subfield code="b">Centro Brasiliero De Pesquisas Fisicas</subfield><subfield code="c">1962</subfield></datafield><datafield ind1=" " ind2=" " tag="300"><subfield code="a">7 P. (207-213)</subfield></datafield><datafield ind1=" " ind2=" " tag="490"><subfield code="a">Notas De Fisica</subfield></datafield><datafield ind1=" " ind2=" " tag="852"><subfield code="a">13930</subfield></datafield><datafield ind1=" " ind2=" " tag="CAT"><subfield code="a">SYS</subfield><subfield code="c">20170129</subfield><subfield code="h">225405</subfield></datafield></record></collection>